@book{beizer1990software,
  author    = {Beizer, B.},
  title     = {Software Testing Techniques},
  year      = {1990},
  publisher = {Van Nostrand Reinhold}
}

@book{fowler2006continuous,
  author    = {Fowler, M.},
  title     = {Continuous Integration},
  year      = {2006},
  publisher = {Addison-Wesley}
}

@manual{istqb2018foundation,
  author = {ISTQB},
  title  = {ISTQB Foundation Level Software Testing Syllabus},
  year   = {2018}
}

@book{meszaros2007xunit,
  author    = {Meszaros, G.},
  title     = {xUnit Test Patterns: Refactoring Test Code},
  year      = {2007},
  publisher = {Addison-Wesley}
}

@book{myers2004art,
  author    = {Myers, G. J.},
  title     = {The Art of Software Testing},
  year      = {2004},
  publisher = {Wiley}
}

@book{raj2017selenium,
  author    = {Raj, M.},
  title     = {Selenium Testing Tools Cookbook},
  year      = {2017},
  publisher = {Packt Publishing}
}

@book{istqbctfl4.0.1,
  author    = {International Software Testing Qualifications Board},
  title     = {ISTQB Certified Tester Foundation Level Syllabus v4.0},
  year      = {2024},
  publisher = {International Software Testing Qualifications Board}
}

@misc{seekmakehomepage,
  key          = {SeekMake},
  title        = {{SeekMake : 3D Printing | Laser Cutting and Engraving | CNC Machining}},
  howpublished = {\url{https://seekmake.com/}},
  year         = {2024},
  note         = {[Online; accessed 27 November 2024]}
}

@misc{seekmakefeatures,
  key          = {SeekMake},
  title        = {{SeekMake | Features}},
  howpublished = {\url{https://seekmake.com/features/}},
  year         = {2024},
  note         = {[Online; accessed 27 November 2024]}
}

@misc{github,
  key          = {GitHub},
  title        = {{GitHub}},
  howpublished = {\url{https://docs.github.com/en/get-started/start-your-journey/about-github-and-git}},
  year         = {2024},
  note         = {[Online; accessed 27 November 2024]}
}

@misc{ghactions,
  key          = {GitHub},
  title        = {{GitHub Actions}},
  howpublished = {\url{https://docs.github.com/en/actions/about-github-actions/understanding-github-actions}},
  year         = {2024},
  note         = {[Online; accessed 27 November 2024]}
}

@misc{ghprojects,
  key          = {GitHub},
  title        = {{GitHub Projects}},
  howpublished = {\url{https://docs.github.com/en/issues/planning-and-tracking-with-projects/learning-about-projects/about-projects}},
  year         = {2024},
  note         = {[Online; accessed 27 November 2024]}
}

@misc{pwhp,
  key          = {Playwright},
  title        = {{Playwright | Homepage}},
  howpublished = {\url{https://playwright.dev/}},
  year         = {2024},
  note         = {[Online; accessed 27 November 2024]}
}

@misc{pwdocs,
  key          = {Playwright},
  title        = {{Installation | Playwright}},
  howpublished = {\url{https://playwright.dev/docs/intro}},
  year         = {2024},
  note         = {[Online; accessed 27 November 2024]}
}

@misc{msteams,
  key          = {Microsoft},
  title        = {{Microsoft Teams}},
  howpublished = {\url{https://www.microsoft.com/en-us/microsoft-teams/small-medium-business}},
  year         = {2024},
  note         = {[Online; accessed 27 November 2024]}
}

@misc{browserstack,
  key          = {BrowserStack},
  title        = {{BrowserStack}},
  howpublished = {\url{https://www.browserstack.com/}},
  year         = {2024},
  note         = {[Online; accessed 27 November 2024]}
}

@misc{microfrontends,
  key          = {MicroFrontends},
  title        = {{Micro Frontends - extending the microservice idea to frontend development}},
  howpublished = {\url{https://micro-frontends.org/}},
  year         = {2024},
  note         = {[Online; accessed 1 December 2024]}
}

@misc{scrum,
  key          = {Scrum},
  title        = {{Scrum}},
  howpublished = {\url{https://www.scrum.org/learning-series/what-is-scrum/}},
  year         = {2024},
  note         = {[Online; accessed 1 December 2024]}
}

@misc{circleci,
  key          = {CircleCI},
  title        = {{CircleCI}},
  howpublished = {\url{https://circleci.com/blog/what-is-end-to-end-testing/}},
  year         = {2024},
  note         = {[Online; accessed 1 December 2024]}
}

@misc{atlassian,
  key          = {Atlassian},
  title        = {{Atlassian}},
  howpublished = {\url{https://www.atlassian.com/continuous-delivery/continuous-integration}},
  year         = {2024},
  note         = {[Online; accessed 1 December 2024]}
}

@misc{sdlc,
  key          = {SDLC},
  title        = {{What is SDLC? - Software Development Life Cycle Explained - AWS}},
  howpublished = {\url{https://aws.amazon.com/what-is/sdlc/}},
  year         = {2024},
  note         = {[Online; accessed 9 December 2024]}
}